\begin{thebibliography}{100}

%1
\bibitem{Conditional-Diagnosability-of-Augmented-Cubes}
Chang N W and Hsieh S Y. Conditional Diagnosability of Augmented Cubes under the PMC Model[J]. IEEE Transactions on Dependable $\&$ Secure Computing, 2011, 9(1):46-60.
%2
\bibitem{Conditional-Diagnosability-Measures-for-Large}
Lai P L, Tan J J M, Chang C P, and Hsu L H. Conditional
Diagnosability Measures for Large Multiprocessor Systems[J]. IEEE
Transactions on Computers, 2005, 54(2):165-175.
%3
\bibitem{On-self-diagnosable-multiprocessor}
Sengupta A and Dahbura A T. On self-diagnosable multiprocessor systems: diagnosis by the comparison approach[J]. IEEE Transactions on Computers, 1992, 41(11):1386-1396.
%4
\bibitem{The-g-extra-conditional-sequential}
Zhang S and Yang W. The $g$-extra conditional diagnosability and sequential $t/k$ -diagnosability of hypercubes[J]. International Journal of Computer Mathematics, 2015, 93(3):1-20.
%5
\bibitem{t/t-Diagnosability-and-t/k-Diagnosability}
Jiarong L, Fang C , Qian Z and Min X. $t/t$-Diagnosability and $t/k$-Diagnosability for Augmented Cube Networks[J]. IEEE Access, 2018, PP:1-1.
%6
\bibitem{Strong-Diagnosability-and-Conditional-Diagnosability}
Hong W S and Hsieh S Y. Strong Diagnosability and Conditional Diagnosability of Augmented Cubes Under the Comparison Diagnosis Model[J]. Reliability, IEEE Transactions on, 2012, 61(1):p.140-148.
%7
\bibitem{Relationship-between-Conditional-and-extra}
Hao R X , Tian Z X , Xu J M . Relationship between Conditional Diagnosability and 2-extra Connectivity of Symmetric Graphs[J]. Theoretical Computer Science, 2016:36-53.
%8
\bibitem{Lv-extra-connectivity-and-extra-diagnosability}
Lv M , Fan J , Zhou J , et al. The extra connectivity and extra diagnosability of regular interconnection networks[J]. Theoretical Computer Science, 2019, 809.

%9
\bibitem{A-New-Proof-for-Exact-Relationship}
Huang Y , Lin L , Xu L. A New Proof for Exact Relationship between Extra Connectivity and Extra Diagnosability of Regular Connected Graphs under MM* Model[J]. Theoretical Computer Science, 2020.

%10
\bibitem{Reliability-analysis-of-data-center-networks}
Li X, Jia X, Fan J, Lin C. Reliability analysis of data center networks based on precise and imprecise diagnosis strategies[J]. Theoretical Computer Science, (2020), 809: 189-203.

%11
\bibitem{The-super-connectivity-of-augmented-cubes}
Ma M, Liu G and Xu J M . The super connectivity of augmented cubes[J].Information Processing Letters, (2008), 106(2):59-63.

\end{thebibliography}
